<?xml version="1.0" encoding="UTF-8"?><collection xmlns="http://www.loc.gov/MARC21/slim"><record><leader>00377nam--2200133-i-4500</leader><controlfield tag="001">000024536</controlfield><controlfield tag="002">20161230</controlfield><controlfield tag="005">20161230201035</controlfield><controlfield tag="008">060222s1000------------r-----000-0-eng-d</controlfield><datafield ind1=" " ind2=" " tag="080"><subfield code="a">681.5</subfield></datafield><datafield ind1=" " ind2=" " tag="100"><subfield code="a">Ionita, Nicolae</subfield></datafield><datafield ind1=" " ind2=" " tag="245"><subfield code="a">Elemente de mecanica automatelor si dinamica automatizarii proceselor industriale</subfield></datafield><datafield ind1=" " ind2=" " tag="260"><subfield code="a">Bucuresti,Editura Tehnica, 1985. 428p</subfield></datafield><datafield ind1=" " ind2=" " tag="852"><subfield code="a">72900</subfield></datafield></record></collection>